[gd_scene load_steps=8 format=2]

[ext_resource path="res://assets/aseprite/cursor.png" type="Texture" id=1]
[ext_resource path="res://scenes/battle.gd" type="Script" id=2]
[ext_resource path="res://addons/nframework/nui/combo/label_value.tscn" type="PackedScene" id=3]
[ext_resource path="res://addons/nframework/assets/themes/theme_lowres_flat.tres" type="Theme" id=4]
[ext_resource path="res://scenes/stage.tscn" type="PackedScene" id=5]
[ext_resource path="res://addons/nframework/modules/camera/shake.tscn" type="PackedScene" id=6]
[ext_resource path="res://scenes/textbox.gd" type="Script" id=8]

[node name="Battle" type="Control"]
anchor_right = 1.0
anchor_bottom = 1.0
theme = ExtResource( 4 )
script = ExtResource( 2 )

[node name="TextBox" type="PanelContainer" parent="."]
visible = false
anchor_left = 0.2
anchor_top = 1.0
anchor_right = 0.8
anchor_bottom = 1.0
margin_top = -57.0
margin_bottom = -32.0
script = ExtResource( 8 )

[node name="Label" type="Label" parent="TextBox"]
margin_left = 7.0
margin_top = 7.0
margin_right = 377.0
margin_bottom = 18.0
text = "Battle message"

[node name="Camera2D" type="Camera2D" parent="."]
position = Vector2( 320, 180 )
current = true

[node name="Shake" parent="Camera2D" instance=ExtResource( 6 )]

[node name="Stage" parent="." instance=ExtResource( 5 )]

[node name="Menu" type="PanelContainer" parent="."]
margin_left = 18.0
margin_top = 251.0
margin_right = 84.0
margin_bottom = 341.0

[node name="MenuChoices" type="VBoxContainer" parent="Menu"]
unique_name_in_owner = true
margin_left = 7.0
margin_top = 7.0
margin_right = 67.0
margin_bottom = 83.0
custom_constants/separation = 0

[node name="Attack" type="ToolButton" parent="Menu/MenuChoices" groups=["menu"]]
margin_right = 60.0
margin_bottom = 19.0
text = "Attack"
align = 0

[node name="Magic" type="ToolButton" parent="Menu/MenuChoices" groups=["menu"]]
margin_top = 19.0
margin_right = 60.0
margin_bottom = 38.0
text = "Magic"
align = 0

[node name="Special" type="ToolButton" parent="Menu/MenuChoices" groups=["menu"]]
margin_top = 38.0
margin_right = 60.0
margin_bottom = 57.0
text = "<Unused>"
align = 0

[node name="Skip" type="ToolButton" parent="Menu/MenuChoices" groups=["menu"]]
margin_top = 57.0
margin_right = 60.0
margin_bottom = 76.0
text = "Skip"
align = 0

[node name="Cursor" type="TextureRect" parent="."]
margin_left = 269.0
margin_top = 81.0
margin_right = 285.0
margin_bottom = 97.0
texture = ExtResource( 1 )

[node name="TurnGauge" type="ProgressBar" parent="."]
anchor_left = 0.2
anchor_right = 0.8
margin_top = 16.0
margin_bottom = 32.0
max_value = 10.0
value = 10.0
percent_visible = false

[node name="StageNum" parent="." instance=ExtResource( 3 )]
margin_left = 6.0
margin_top = 5.0
margin_right = 81.0
margin_bottom = 19.0
label = "Stage"
value = "1"

[node name="PlayTime" parent="." instance=ExtResource( 3 )]
margin_left = 6.0
margin_top = 22.0
margin_right = 87.0
margin_bottom = 36.0
__meta__ = {
"_edit_group_": true
}
label = "Time"
value = "1"

[node name="Label" parent="PlayTime" index="0"]
margin_top = 1.0
margin_right = 23.0
margin_bottom = 12.0
text = "Time"

[node name="Separator" parent="PlayTime" index="1"]
margin_left = 36.0
margin_right = 43.0
text = "s"

[node name="Value" parent="PlayTime" index="2"]
margin_left = 27.0
margin_top = 1.0
margin_right = 33.0
margin_bottom = 12.0
text = "1"

[node name="TotalSeparator" parent="PlayTime" index="3"]
margin_left = 48.0
margin_right = 53.0

[node name="Total" parent="PlayTime" index="4"]
margin_left = 57.0
margin_right = 64.0
text = "s"

[node name="Suffix" type="Label" parent="PlayTime"]
margin_left = 37.0
margin_top = 1.0
margin_right = 43.0
margin_bottom = 12.0
text = "s"

[node name="ShuffleKill" type="Timer" parent="."]
wait_time = 5.0

[node name="ShuffleMenu" type="Timer" parent="."]
wait_time = 5.0

[connection signal="timeout" from="ShuffleKill" to="." method="_on_ShuffleKill_timeout"]
[connection signal="timeout" from="ShuffleMenu" to="." method="_on_ShuffleMenu_timeout"]

[editable path="PlayTime"]
