[gd_scene load_steps=18 format=2]

[ext_resource path="res://addons/nframework/nui/combo/label_value.tscn" type="PackedScene" id=1]
[ext_resource path="res://character/entity.gd" type="Script" id=2]
[ext_resource path="res://assets/aseprite/sword.png" type="Texture" id=3]
[ext_resource path="res://assets/aseprite/blob.png" type="Texture" id=4]
[ext_resource path="res://assets/aseprite/staff.png" type="Texture" id=5]
[ext_resource path="res://assets/aseprite/fire.png" type="Texture" id=6]

[sub_resource type="AtlasTexture" id=3]
atlas = ExtResource( 4 )
region = Rect2( 0, 0, 16, 16 )

[sub_resource type="AtlasTexture" id=4]
atlas = ExtResource( 4 )
region = Rect2( 16, 0, 16, 16 )

[sub_resource type="SpriteFrames" id=5]
animations = [ {
"frames": [ SubResource( 3 ), SubResource( 4 ) ],
"loop": true,
"name": "idle",
"speed": 1.0
} ]

[sub_resource type="Animation" id=2]
length = 0.001
tracks/0/type = "value"
tracks/0/path = NodePath("Sprite/Sword:rotation_degrees")
tracks/0/interp = 1
tracks/0/loop_wrap = true
tracks/0/imported = false
tracks/0/enabled = true
tracks/0/keys = {
"times": PoolRealArray( 0 ),
"transitions": PoolRealArray( 1 ),
"update": 0,
"values": [ 0.0 ]
}
tracks/1/type = "value"
tracks/1/path = NodePath("Sprite/Sword:position")
tracks/1/interp = 1
tracks/1/loop_wrap = true
tracks/1/imported = false
tracks/1/enabled = true
tracks/1/keys = {
"times": PoolRealArray( 0 ),
"transitions": PoolRealArray( 1 ),
"update": 0,
"values": [ Vector2( -32, -32 ) ]
}
tracks/2/type = "value"
tracks/2/path = NodePath("Sprite/Sword:visible")
tracks/2/interp = 1
tracks/2/loop_wrap = true
tracks/2/imported = false
tracks/2/enabled = true
tracks/2/keys = {
"times": PoolRealArray( 0 ),
"transitions": PoolRealArray( 1 ),
"update": 0,
"values": [ false ]
}
tracks/3/type = "value"
tracks/3/path = NodePath("Sprite/Staff:position")
tracks/3/interp = 1
tracks/3/loop_wrap = true
tracks/3/imported = false
tracks/3/enabled = true
tracks/3/keys = {
"times": PoolRealArray( 0 ),
"transitions": PoolRealArray( 1 ),
"update": 0,
"values": [ Vector2( 8, 0 ) ]
}
tracks/4/type = "value"
tracks/4/path = NodePath("Sprite/Staff:rotation_degrees")
tracks/4/interp = 1
tracks/4/loop_wrap = true
tracks/4/imported = false
tracks/4/enabled = true
tracks/4/keys = {
"times": PoolRealArray( 0 ),
"transitions": PoolRealArray( 1 ),
"update": 0,
"values": [ 0.0 ]
}
tracks/5/type = "value"
tracks/5/path = NodePath("Sprite/Staff:visible")
tracks/5/interp = 1
tracks/5/loop_wrap = true
tracks/5/imported = false
tracks/5/enabled = true
tracks/5/keys = {
"times": PoolRealArray( 0 ),
"transitions": PoolRealArray( 1 ),
"update": 0,
"values": [ false ]
}

[sub_resource type="Animation" id=1]
resource_name = "attack"
length = 0.5
step = 0.05
tracks/0/type = "value"
tracks/0/path = NodePath("Sprite/Sword:rotation_degrees")
tracks/0/interp = 2
tracks/0/loop_wrap = true
tracks/0/imported = false
tracks/0/enabled = true
tracks/0/keys = {
"times": PoolRealArray( 0, 0.1 ),
"transitions": PoolRealArray( 1, 1 ),
"update": 0,
"values": [ 0.0, 120.0 ]
}
tracks/1/type = "value"
tracks/1/path = NodePath("Sprite/Sword:position")
tracks/1/interp = 2
tracks/1/loop_wrap = true
tracks/1/imported = false
tracks/1/enabled = true
tracks/1/keys = {
"times": PoolRealArray( 0, 0.1 ),
"transitions": PoolRealArray( 1, 1 ),
"update": 0,
"values": [ Vector2( 12, -12 ), Vector2( 12, 12 ) ]
}
tracks/2/type = "value"
tracks/2/path = NodePath("Sprite/Sword:visible")
tracks/2/interp = 1
tracks/2/loop_wrap = true
tracks/2/imported = false
tracks/2/enabled = true
tracks/2/keys = {
"times": PoolRealArray( 0, 0.1 ),
"transitions": PoolRealArray( 1, 1 ),
"update": 1,
"values": [ true, false ]
}

[sub_resource type="Animation" id=6]
resource_name = "magic"
step = 0.05
tracks/0/type = "value"
tracks/0/path = NodePath("Sprite/Staff:position")
tracks/0/interp = 1
tracks/0/loop_wrap = true
tracks/0/imported = false
tracks/0/enabled = true
tracks/0/keys = {
"times": PoolRealArray( 0, 0.1 ),
"transitions": PoolRealArray( 1, 1 ),
"update": 0,
"values": [ Vector2( 8, -8 ), Vector2( 8, 0 ) ]
}
tracks/1/type = "value"
tracks/1/path = NodePath("Sprite/Staff:rotation_degrees")
tracks/1/interp = 1
tracks/1/loop_wrap = true
tracks/1/imported = false
tracks/1/enabled = true
tracks/1/keys = {
"times": PoolRealArray( 0, 0.1 ),
"transitions": PoolRealArray( 1, 1 ),
"update": 0,
"values": [ 0.0, 30.0 ]
}
tracks/2/type = "value"
tracks/2/path = NodePath("Sprite/Staff:visible")
tracks/2/interp = 1
tracks/2/loop_wrap = true
tracks/2/imported = false
tracks/2/enabled = true
tracks/2/keys = {
"times": PoolRealArray( 0, 1 ),
"transitions": PoolRealArray( 1, 1 ),
"update": 1,
"values": [ true, false ]
}

[sub_resource type="AtlasTexture" id=7]
atlas = ExtResource( 6 )
region = Rect2( 0, 0, 16, 16 )

[sub_resource type="AtlasTexture" id=8]
atlas = ExtResource( 6 )
region = Rect2( 16, 0, 16, 16 )

[sub_resource type="AtlasTexture" id=9]
atlas = ExtResource( 6 )
region = Rect2( 32, 0, 16, 16 )

[sub_resource type="AtlasTexture" id=10]
atlas = ExtResource( 6 )
region = Rect2( 48, 0, 16, 16 )

[sub_resource type="SpriteFrames" id=11]
animations = [ {
"frames": [ SubResource( 7 ), SubResource( 8 ), SubResource( 9 ), SubResource( 10 ) ],
"loop": true,
"name": "default",
"speed": 8.0
} ]

[node name="Entity" type="Node2D"]
script = ExtResource( 2 )

[node name="Sprite" type="AnimatedSprite" parent="."]
scale = Vector2( 2, 2 )
frames = SubResource( 5 )
animation = "idle"
playing = true

[node name="Sword" type="Sprite" parent="Sprite"]
visible = false
position = Vector2( -32, -32 )
z_index = 1
texture = ExtResource( 3 )
offset = Vector2( 8, -8 )

[node name="Staff" type="Sprite" parent="Sprite"]
visible = false
position = Vector2( 8, 0 )
z_index = 1
texture = ExtResource( 5 )
offset = Vector2( 8, -8 )

[node name="HP" parent="." instance=ExtResource( 1 )]
visible = false
margin_left = -33.0
margin_top = -71.0
margin_right = 42.0
margin_bottom = -57.0

[node name="MP" parent="." instance=ExtResource( 1 )]
visible = false
margin_left = -32.0
margin_top = -51.0
margin_right = 43.0
margin_bottom = -37.0

[node name="Selection" type="ToolButton" parent="."]
margin_left = -24.0
margin_top = -24.0
margin_right = 24.0
margin_bottom = 24.0

[node name="Highlight" type="ReferenceRect" parent="."]
margin_left = -24.0
margin_top = -24.0
margin_right = 24.0
margin_bottom = 24.0
border_color = Color( 1, 1, 1, 1 )
editor_only = false

[node name="TurnGauge" type="ProgressBar" parent="."]
visible = false
margin_left = -31.0
margin_top = 40.0
margin_right = 33.0
margin_bottom = 56.0
rect_min_size = Vector2( 64, 16 )
max_value = 255.0
step = 1.0
percent_visible = false

[node name="Tween" type="Tween" parent="."]

[node name="AnimationPlayer" type="AnimationPlayer" parent="."]
anims/RESET = SubResource( 2 )
anims/attack = SubResource( 1 )
anims/magic = SubResource( 6 )

[node name="Fire" type="AnimatedSprite" parent="."]
visible = false
scale = Vector2( 2, 2 )
frames = SubResource( 11 )
frame = 2
playing = true

[connection signal="pressed" from="Selection" to="." method="_on_Selection_pressed"]
